@article{huang2012art,
  title={ART: a next-generation sequencing read simulator},
  author={Huang, Weichun and Li, Leping and Myers, Jason R and Marth, Gabor T},
  journal={Bioinformatics},
  volume={28},
  number={4},
  pages={593--594},
  year={2012},
  publisher={Oxford Univ Press}
}

@article{iqbal2012novo,
  title={De novo assembly and genotyping of variants using colored de Bruijn graphs},
  author={Iqbal, Zamin and Caccamo, Mario and Turner, Isaac and Flicek, Paul and McVean, Gil},
  journal={Nature genetics},
  volume={44},
  number={2},
  pages={226--232},
  year={2012},
  publisher={Nature Publishing Group}
}

@inproceedings{sacomoto2013polynomial,
  title={A polynomial delay algorithm for the enumeration of bubbles with length constraints in directed graphs and its application to the detection of alternative splicing in rna-seq data},
  author={Sacomoto, Gustavo and Lacroix, Vincent and Sagot, Marie-France},
  booktitle={International Workshop on Algorithms in Bioinformatics},
  pages={99--111},
  year={2013},
  organization={Springer}
}

@article{goodwin2016coming,
  title={Coming of age: ten years of next-generation sequencing technologies},
  author={Goodwin, Sara and McPherson, John D and McCombie, W Richard},
  journal={Nature Reviews Genetics},
  volume={17},
  number={6},
  pages={333--351},
  year={2016},
  publisher={Nature Publishing Group}
}

@article{quail2012tale,
  title={A tale of three next generation sequencing platforms: comparison of Ion Torrent, Pacific Biosciences and Illumina MiSeq sequencers},
  author={Quail, Michael A and Smith, Miriam and Coupland, Paul and Otto, Thomas D and Harris, Simon R and Connor, Thomas R and Bertoni, Anna and Swerdlow, Harold P and Gu, Yong},
  journal={BMC genomics},
  volume={13},
  number={1},
  pages={1},
  year={2012},
  publisher={BioMed Central}
}

@article{liu2012comparison,
  title={Comparison of next-generation sequencing systems},
  author={Liu, Lin and Li, Yinhu and Li, Siliang and Hu, Ni and He, Yimin and Pong, Ray and Lin, Danni and Lu, Lihua and Law, Maggie},
  journal={BioMed Research International},
  volume={2012},
  year={2012},
  publisher={Hindawi Publishing Corporation}
}



